% ------------------------------------------------------------------------
% Sign Align Bibliography File
% ------------------------------------------------------------------------


%----Introduction
@Patent{LATTA:2010:biblatex,
 author = {LATTA, Stephen G. and TSUNODA, Kudo and GEISNER, Kevin and MARKOVIC, Relja and BENNETT, Darren Alexander and PEREZ, Kathryn Stone},
 title = {Gesture Keyboarding},
 year = {2010},
 month = {08},
 day = {05},
 number = {US 2010/0199228 A1},
 type = {Patent Application},
 version = {A1},
 location = {US},
 url = {http://www.patentlens.net/patentlens/patent/US_2010_0199228_A1/en/},
 filing_num = {12391145},
 yearfiled = {2009},
 monthfiled = {02},
 dayfiled = {23},
 pat_refs = {},
 IPC_class = {G06F 17/28; G06F 3/033},
 US_class = {704  3; 715863},
 abstract = {Systems, methods and computer readable media are disclosed for gesture keyboarding. A user makes a gesture by either making a pose or moving in a pre-defined way that is captured by a depth camera. The depth information provided by the depth camera is parsed to determine at least that part of the user that is making the gesture. When parsed, the character or action signified by this gesture is identified.}
}

@ONLINE{Microsoft:2013:Online,
author = {Microsoft},
title = {What's {N}ew - {K}inect {SDK} 1.7},
month = mar,
year = {2013},
url = {http://www.microsoft.com/en-us/kinectforwindows/Develop/New.aspx}
urldate = {19/03/2013}
}

@ONLINE{Microsoft:2013:Face,
author = {Microsoft},
title = {{F}ace {T}racking},
month = mar,
year = {2013},
url = {http://msdn.microsoft.com/en-us/library/jj130970.aspx}
urldate = {19/03/2013}
}

@ONLINE{Forth:2013:Online,
author = {I. Oikonomidis, N. Kyriazis, A. A. Argyros},
title = {Kinect 3D {H}and {T}racking},
month = mar,
year = {2013},
url = {http://cvrlcode.ics.forth.gr/handtracking/}
urldate = {19/03/2013}
}

%-- Survey of gesture rec.
@article{mitra2007gesture,
  title={Gesture recognition: A survey},
  author={Mitra, Sushmita and Acharya, Tinku},
  journal={Systems, Man, and Cybernetics, Part C: Applications and Reviews, IEEE Transactions on},
  volume={37},
  number={3},
  pages={311--324},
  year={2007},
  publisher={IEEE}
}


% ------------------------------------------------------------------------
%HMMs
% ------------------------------------------------------------------------


%Baum invents HMMs:
@article{baum1966statistical,
  title={Statistical inference for probabilistic functions of finite state Markov chains},
  author={Baum, Leonard E and Petrie, Ted},
  journal={The Annals of Mathematical Statistics},
  volume={37},
  number={6},
  pages={1554--1563},
  year={1966},
  publisher={JSTOR}
}

@article{baum1970maximization,
  title={A maximization technique occurring in the statistical analysis of probabilistic functions of Markov chains},
  author={Baum, Leonard E and Petrie, Ted and Soules, George and Weiss, Norman},
  journal={The annals of mathematical statistics},
  pages={164--171},
  year={1970},
  publisher={JSTOR}
}

@article{baum1968growth,
  title={Growth transformations for functions on manifolds.},
  author={Baum, Leonard E and Sell, George R},
  journal={Pacific Journal of Mathematics},
  volume={27},
  number={2},
  pages={211--227},
  year={1968},
  publisher={Pacific Journal of Mathematics}
}

%--
%-- - Applications of HMMs

%-----------Gestures
@inproceedings{starner1995real,
  title={Real-time american sign language recognition from video using hidden markov models},
  author={Starner, Thad and Pentland, Alex},
  booktitle={Computer Vision, 1995. Proceedings., International Symposium on},
  pages={265--270},
  year={1995},
  organization={IEEE}
}

%-----Speech
@book{jelinek1998statistical,
  title={Statistical methods for speech recognition},
  author={Jelinek, Frederick},
  year={1998},
  publisher={MIT press}
}
@article{juang1991hidden,
  title={Hidden Markov models for speech recognition},
  author={Juang, Biing-Hwang and Rabiner, Lawrence R},
  journal={Technometrics},
  volume={33},
  number={3},
  pages={251--272},
  year={1991},
  publisher={Taylor \& Francis Group}
}

@article{baker1975dragon,
  title={The DRAGON system--An overview},
  author={Baker, James},
  journal={Acoustics, Speech and Signal Processing, IEEE Transactions on},
  volume={23},
  number={1},
  pages={24--29},
  year={1975},
  publisher={IEEE}
}

@article{jelinek1975design,
  title={Design of a linguistic statistical decoder for the recognition of continuous speech},
  author={Jelinek, Frederick and Bahl, L and Mercer, R},
  journal={Information Theory, IEEE Transactions on},
  volume={21},
  number={3},
  pages={250--256},
  year={1975},
  publisher={IEEE}
}

%-----Handwriting
@article{bunke1995off,
  title={Off-line cursive handwriting recognition using hidden Markov models},
  author={Bunke, Horst and Roth, Markus and Schukat-Talamazzini, Ernst G{\"u}nter},
  journal={Pattern recognition},
  volume={28},
  number={9},
  pages={1399--1413},
  year={1995},
  publisher={Elsevier}
}

%---Natural Language
@book{manning1999foundations,
  title={Foundations of statistical natural language processing},
  author={Manning, Christopher D and Sch{\"u}tze, Hinrich},
  year={1999},
  publisher={MIT press}
}

@book{jurafsky2002speech,
  title={Speech and language processing: an introduction to natural language processing, computational linguistics and speech recognition},
  author={Jurafsky, Dan and Martin, James H and Kehler, Andrew},
  volume={2},
  year={2002},
  publisher={MIT Press}
}
%---Biology
@article{krogh1994hidden,
  title={Hidden Markov models in computational biology: Applications to protein modeling},
  author={Krogh, Anders and Brown, Michael and Mian, I Saira and Sjolander, Kimmen and Haussler, David},
  journal={Journal of molecular biology},
  volume={235},
  number={5},
  pages={1501--1531},
  year={1994},
  publisher={London, New York, Academic Press.}
}
@book{durbin1998biological,
  title={Biological sequence analysis: probabilistic models of proteins and nucleic acids},
  author={Durbin, Richard and Eddy, Sean R and Krogh, Anders and Mitchison, Graeme},
  year={1998},
  publisher={Cambridge university press}
}
@article{lio1998models,
  title={Models of molecular evolution and phylogeny},
  author={Li{\`o}, Pietro and Goldman, Nick},
  journal={Genome research},
  volume={8},
  number={12},
  pages={1233--1244},
  year={1998},
  publisher={Cold Spring Harbor Lab}
}
%-----------------------------------------------
@article{rabiner1989tutorial,
  title={A tutorial on hidden Markov models and selected applications in speech recognition},
  author={Rabiner, Lawrence R},
  journal={Proceedings of the IEEE},
  volume={77},
  number={2},
  pages={257--286},
  year={1989},
  publisher={IEEE}
}

@article{stamp2004revealing,
  title={A revealing introduction to hidden Markov models},
  author={Stamp, Mark},
  journal={Department of Computer Science San Jose State University},
  year={2004}
}

@ONLINE{rahimi2000,
author = {Rahimi, Ali},
title = {An Erratum for '
A Tutorial on Hidden Markov Models 
and Selected Applications in Speech Recognition'},
month = apr,
year = {2000},
url = {http://xenia.media.mit.edu/~rahimi/rabiner/rabiner-errata/rabiner-errata.html}
}

%---Multiple ObsSeq
@article{li2000training,
  title={Training hidden markov models with multiple observations-a combinatorial method},
  author={Li, Xiaolin and Parizeau, Marc and Plamondon, R{\'e}jean},
  journal={Pattern Analysis and Machine Intelligence, IEEE Transactions on},
  volume={22},
  number={4},
  pages={371--377},
  year={2000},
  publisher={IEEE}
}

@phdthesis{vano2010can,
  title={Can markov properties be learned by hidden markov modelling algorithms},
  author={van Oosten, Jean-Paul},
  year={2010},
  school={University of Groningen, The Netherlands}
}

@book{bishop2006pattern,
  title={Pattern recognition and machine learning},
  author={Bishop, Christopher M and others},
  volume={4},
  number={4},
  year={2006},
  publisher={springer New York}
}

%-- Forward backwards algorithm is uphill moving.
@article{levinson1983introduction,
  title={An introduction to the application of the theory of probabilistic functions of a Markov process to automatic speech recognition},
  author={Levinson, Stephen E and Rabiner, Lawrence R and Sondhi, Man Mohan},
  journal={Bell Syst. Tech. J},
  volume={62},
  number={4},
  pages={1035--1074},
  year={1983}
}
%--EM algorithm
@article{moon1996expectation,
  title={The expectation-maximization algorithm},
  author={Moon, Todd K},
  journal={Signal Processing Magazine, IEEE},
  volume={13},
  number={6},
  pages={47--60},
  year={1996},
  publisher={IEEE}
}
 %-Tennis
@inproceedings{yamato1992recognizing,
  title={Recognizing human action in time-sequential images using hidden Markov model},
  author={Yamato, Junji and Ohya, Jun and Ishii, Kenichiro},
  booktitle={Computer Vision and Pattern Recognition, 1992. Proceedings CVPR'92., 1992 IEEE Computer Society Conference on},
  pages={379--385},
  year={1992},
  organization={IEEE}
}

%--------Continuous Density HMMS
@article{liporace1982maximum,
  title={Maximum likelihood estimation for multivariate observations of Markov sources},
  author={Liporace, L},
  journal={Information Theory, IEEE Transactions on},
  volume={28},
  number={5},
  pages={729--734},
  year={1982},
  publisher={IEEE}
} 

@article{juang1985maximum,
  title={Maximum-likelihood estimation for mixture multivariate stochastic observation of Markov chains.},
  author={Juang, B-H},
  journal={AT \& T TECH. J.},
  volume={64},
  number={6},
  pages={1235--1250},
  year={1985}
}

@article{juang1986maximum,
  title={Maximum likelihood estimation for multivariate mixture observations of Markov chains (corresp.)},
  author={Juang, Bing-Hwang and Levinson, Stephene and Sondhi, M},
  journal={Information Theory, IEEE Transactions on},
  volume={32},
  number={2},
  pages={307--309},
  year={1986},
  publisher={IEEE}
}

@book{dym2011hmm,
  title={Hidden Markov Models, Theory and Applications},
  author={Dymarski, Przemyslaw},
  year={2011},
  publisher={In{T}ech}
}

@book{russell1995artificial,
  title={Artificial intelligence: a modern approach},
  author={Russell, Stuart Jonathan and Norvig, Peter and Canny, John F and Malik, Jitendra M and Edwards, Douglas D},
  year={1995},
  publisher={Prentice hall Englewood Cliffs}
}

%----------------------------------------

@article{bakis1976continuous,
  title={Continuous speech recognition via centisecond acoustic states},
  author={Bakis, Raimo},
  journal={The Journal of the Acoustical Society of America},
  volume={59},
  pages={S97},
  year={1976}
}

%--Signspeak
@inproceedings{dreuw2010signspeak,
  title={Signspeak--understanding, recognition, and translation of sign languages},
  author={Dreuw, Philippe and Forster, Jens and Gweth, Yannick and Stein, Daniel and Ney, Hermann and Martinez, Gregorio and Llahi, Jaume Verges and Crasborn, Onno and Ormel, Ellen and Du, Wei and others},
  booktitle={Proceedings of 4th Workshop on the Representation and Processing of Sign Languages: Corpora and Sign Language Technologies},
  pages={22--23},
  year={2010}
}

@article{dreuw2009smoothed,
  title={Smoothed disparity maps for continuous american sign language recognition},
  author={Dreuw, Philippe and Steingrube, Pascal and Deselaers, Thomas and Ney, Hermann},
  journal={Pattern Recognition and Image Analysis},
  pages={24--31},
  year={2009},
  publisher={Springer}
}
%-------------Lloyd's algorithm
@article{lloyd1982least,
  title={Least squares quantization in PCM},
  author={Lloyd, Stuart},
  journal={Information Theory, IEEE Transactions on},
  volume={28},
  number={2},
  pages={129--137},
  year={1982},
  publisher={IEEE}
}
%----------RoC Curve
@inproceedings{landgrebe2006simplified,
  title={A simplified extension of the area under the ROC to the multiclass domain},
  author={Landgrebe, Thomas and Duin, R},
  booktitle={Seventeenth annual symposium of the pattern recognition association of South Africa},
  year={2006},
  organization={Citeseer}
}

%---- RHmm
 @Manual{RhmmPac,
    title = {RHmm: Hidden Markov Models simulations and estimations},
    author = {Ollivier Taramasco and Sebastian Bauer},
    year = {2013},
    note = {R package version 2.0.3},
    url = {http://CRAN.R-project.org/package=RHmm},
  }
